@article{Demsar2016BalancedMixture,
    title = {{A Balanced Mixture of Antagonistic Pressures Promotes the Evolution of Parallel Movement}},
    year = {2016},
    journal = {Scientific Reports},
    author = {Dem{\v{s}}ar, Jure and {\v{S}}trumbelj, Erik and Lebar Bajec, Iztok},
    volume = {6},
    doi = {10.1038/srep39428}
}

@article{Demsar2017LinguisticEvolution,
    title = {{Evolution of Collective Behaviour in an Artificial World Using Linguistic Fuzzy Rule-Based Systems}},
    year = {2017},
    journal = {PLoS ONE},
    author = {Dem{\v{s}}ar, Jure and Lebar Bajec, Iztok},
    number = {1},
    pages = {1--20},
    volume = {12},
    doi = {10.1371/journal.pone.0168876}
}

 @misc{11356/1387,
 title = {Slovenian {RoBERTa} contextual embeddings model: {SloBERTa} 1.0},
 author = {Ul{\v c}ar, Matej and Robnik-{\v S}ikonja, Marko},
 url = {http://hdl.handle.net/11356/1387},
 note = {Slovenian language resource repository {CLARIN}.{SI}},
 copyright = {The {MIT} License ({MIT})},
 issn = {2820-4042},
 year = {2020}
 }

 @misc{https://doi.org/10.48550/arxiv.1910.10683,
  doi = {10.48550/ARXIV.1910.10683},
  
  url = {https://arxiv.org/abs/1910.10683},
  
  author = {Raffel, Colin and Shazeer, Noam and Roberts, Adam and Lee, Katherine and Narang, Sharan and Matena, Michael and Zhou, Yanqi and Li, Wei and Liu, Peter J.},
  
  keywords = {Machine Learning (cs.LG), Computation and Language (cs.CL), Machine Learning (stat.ML), FOS: Computer and information sciences, FOS: Computer and information sciences},
  
  title = {Exploring the Limits of Transfer Learning with a Unified Text-to-Text Transformer},
  
  publisher = {arXiv},
  
  year = {2019},
  
  copyright = {arXiv.org perpetual, non-exclusive license}
}


@misc{https://doi.org/10.48550/arxiv.1907.11692,
  doi = {10.48550/ARXIV.1907.11692},
  
  url = {https://arxiv.org/abs/1907.11692},
  
  author = {Liu, Yinhan and Ott, Myle and Goyal, Naman and Du, Jingfei and Joshi, Mandar and Chen, Danqi and Levy, Omer and Lewis, Mike and Zettlemoyer, Luke and Stoyanov, Veselin},
  
  keywords = {Computation and Language (cs.CL), FOS: Computer and information sciences, FOS: Computer and information sciences},
  
  title = {RoBERTa: A Robustly Optimized BERT Pretraining Approach},
  
  publisher = {arXiv},
  
  year = {2019},
  
  copyright = {arXiv.org perpetual, non-exclusive license}
}

@misc{https://doi.org/10.48550/arxiv.2302.13971,
  doi = {10.48550/ARXIV.2302.13971},
  
  url = {https://arxiv.org/abs/2302.13971},
  
  author = {Touvron, Hugo and Lavril, Thibaut and Izacard, Gautier and Martinet, Xavier and Lachaux, Marie-Anne and Lacroix, Timothée and Rozière, Baptiste and Goyal, Naman and Hambro, Eric and Azhar, Faisal and Rodriguez, Aurelien and Joulin, Armand and Grave, Edouard and Lample, Guillaume},
  
  keywords = {Computation and Language (cs.CL), FOS: Computer and information sciences, FOS: Computer and information sciences},
  
  title = {LLaMA: Open and Efficient Foundation Language Models},
  
  publisher = {arXiv},
  
  year = {2023},
  
  copyright = {Creative Commons Attribution 4.0 International}
}

%nase

@inproceedings{ganitkevitch2013ppdb,
  title={PPDB: The paraphrase database},
  author={Ganitkevitch, Juri and Van Durme, Benjamin and Callison-Burch, Chris},
  booktitle={Proceedings of the 2013 Conference of the North American Chapter of the Association for Computational Linguistics: Human Language Technologies},
  pages={758--764},
  year={2013}
}

@inproceedings{ganitkevitch2014multilingual,
  title={The Multilingual Paraphrase Database.},
  author={Ganitkevitch, Juri and Callison-Burch, Chris},
  booktitle={LREC},
  pages={4276--4283},
  year={2014},
  organization={Citeseer}
}

@misc{slovene_nmt,
  author       = {Institute "Jožef Stefan" and Clarin.si},
  title        = {Slovene NMT},
  howpublished = {\url{https://github.com/clarinsi/Slovene_NMT}},
  year         = {2021},
  note         = {Accessed on March 20, 2023}
}

@misc{sambit7_quora_dataset,
  title={First Quora Dataset},
  author={Sambit Mishra},
  year={2018},
  howpublished={\url{https://www.kaggle.com/datasets/sambit7/first-quora-dataset}},
  note={Accessed on March 20, 2023}
}

@inproceedings{lin2014microsoft,
  title={Microsoft coco: Common objects in context},
  author={Lin, Tsung-Yi and Maire, Michael and Belongie, Serge and Hays, James and Perona, Pietro and Ramanan, Deva and Doll{\'a}r, Piotr and Zitnick, C Lawrence},
  booktitle={Computer Vision--ECCV 2014: 13th European Conference, Zurich, Switzerland, September 6-12, 2014, Proceedings, Part V 13},
  pages={740--755},
  year={2014},
  organization={Springer}
}

@inproceedings{zhou2021paraphrase,
  title={Paraphrase generation: A survey of the state of the art},
  author={Zhou, Jianing and Bhat, Suma},
  booktitle={Proceedings of the 2021 Conference on Empirical Methods in Natural Language Processing},
  pages={5075--5086},
  year={2021}
}